@Manual{R-base,
  title = {R: A Language and Environment for Statistical Computing},
  author = {{R Core Team}},
  organization = {R Foundation for Statistical Computing},
  address = {Vienna, Austria},
  year = {2019},
  url = {https://www.R-project.org/},
}
@Manual{R-bookdown,
  title = {bookdown: Authoring Books and Technical Documents with R Markdown},
  author = {Yihui Xie},
  year = {2020},
  note = {R package version 0.19},
  url = {https://CRAN.R-project.org/package=bookdown},
}
@Manual{R-ggimage,
  title = {ggimage: Use Image in 'ggplot2'},
  author = {Guangchuang Yu},
  year = {2019},
  note = {R package version 0.2.4},
  url = {https://CRAN.R-project.org/package=ggimage},
}
@Manual{R-ggplot2,
  title = {ggplot2: Create Elegant Data Visualisations Using the Grammar of Graphics},
  author = {Hadley Wickham and Winston Chang and Lionel Henry and Thomas Lin Pedersen and Kohske Takahashi and Claus Wilke and Kara Woo and Hiroaki Yutani},
  year = {2019},
  note = {R package version 3.2.1},
  url = {https://CRAN.R-project.org/package=ggplot2},
}
@Manual{R-ggtree,
  title = {ggtree: an R package for visualization and annotation of phylogenetic
trees with their covariates and other associated data},
  author = {Guangchuang Yu and Tommy Tsan-Yuk Lam},
  year = {2019},
  note = {R package version 1.16.6},
  url = {https://yulab-smu.github.io/treedata-book/},
}
@Manual{R-knitr,
  title = {knitr: A General-Purpose Package for Dynamic Report Generation in R},
  author = {Yihui Xie},
  year = {2019},
  note = {R package version 1.25},
  url = {https://CRAN.R-project.org/package=knitr},
}
@Manual{R-phylobase,
  title = {phylobase: Base Package for Phylogenetic Structures and Comparative Data},
  author = {R Hackathon et al.},
  year = {2019},
  note = {R package version 0.8.6},
  url = {https://CRAN.R-project.org/package=phylobase},
}
@Manual{R-rmarkdown,
  title = {rmarkdown: Dynamic Documents for R},
  author = {JJ Allaire and Yihui Xie and Jonathan McPherson and Javier Luraschi and Kevin Ushey and Aron Atkins and Hadley Wickham and Joe Cheng and Winston Chang and Richard Iannone},
  year = {2020},
  note = {R package version 2.3},
  url = {https://CRAN.R-project.org/package=rmarkdown},
}
